<?xml version="1.0" encoding="utf-8"?>
<record xmlns="http://www.loc.gov/MARC21/slim" xmlns:xsi="http://www.w3.org/2001/XMLSchema-instance" xsi:schemaLocation="http://www.loc.gov/MARC21/slim http://www.loc.gov/standards/marcxml/schema/MARC21slim.xsd">
	<leader>
		01797nam a2200349   4500
	</leader>
	<controlfield tag="001">
		2701950
	</controlfield>
	<controlfield tag="003">
		NjP
	</controlfield>
	<controlfield tag="006">
		m        d        
	</controlfield>
	<controlfield tag="007">
		cr cn |||m|||a
	</controlfield>
	<controlfield tag="008">
		151002s1932    mr      o     000 0 ara d
	</controlfield>
	<datafield ind1=" " ind2=" " tag="040">
		<subfield code="a">
			NNU
		</subfield>
		<subfield code="b">
			eng
		</subfield>
		<subfield code="e">
			rda
		</subfield>
		<subfield code="c">
			NNU
		</subfield>
	</datafield>
	<datafield ind1="1" ind2=" " tag="100">
		<subfield code="a">
			ʻAlamī, Maḥammad bin Muḥammad,
		</subfield>
		<subfield code="d">
			1875 or 1876-1953 or 1954.
		</subfield>
	</datafield>
	<datafield ind1="1" ind2="3" tag="245">
		<subfield code="a">
			al-Sirāj al-mawḍūʻ ʻalá al-ʻalam al-marfūʻ /
		</subfield>
		<subfield code="c">
			kilāhumā lil-faqīr Abī ʻAbd Allāh Maḥammad bin Muḥammad al-ʻAlamī. Wa-yalīhi Jadwal al-nisbah al-sittīnīyah.
		</subfield>
	</datafield>
	<datafield ind1=" " ind2=" " tag="260">
		<subfield code="a">
			[Morocco?] :
		</subfield>
		<subfield code="b">
			[publisher not identified],
		</subfield>
		<subfield code="c">
			1350 [1932]
		</subfield>
	</datafield>
	<datafield ind1=" " ind2=" " tag="300">
		<subfield code="a">
			online resource (55, 4, 37, 8 pages)
		</subfield>
	</datafield>
	<datafield ind1=" " ind2=" " tag="336">
		<subfield code="a">
			text
		</subfield>
		<subfield code="2">
			rdacontent
		</subfield>
	</datafield>
	<datafield ind1=" " ind2=" " tag="337">
		<subfield code="a">
			computer
		</subfield>
		<subfield code="2">
			rdamedia
		</subfield>
	</datafield>
	<datafield ind1=" " ind2=" " tag="338">
		<subfield code="a">
			online resource
		</subfield>
		<subfield code="2">
			rdacarrier
		</subfield>
	</datafield>
	<datafield ind1=" " ind2=" " tag="500">
		<subfield code="a">
			Cover title.
		</subfield>
	</datafield>
	<datafield ind1=" " ind2=" " tag="500">
		<subfield code="a">
			Includes Jadwal al-ẓill al-ithná ʻashrī al-maḥlūl.
		</subfield>
	</datafield>
	<datafield ind1=" " ind2=" " tag="500">
		<subfield code="a">
			Part of the Arabic Collections Online (ACO) project, contributed by Princeton University Libraries.
		</subfield>
	</datafield>
	<datafield ind1=" " ind2=" " tag="533">
		<subfield code="a">
			Electronic reproduction.
		</subfield>
		<subfield code="b">
			New York, N.Y. :
		</subfield>
		<subfield code="c">
			New York University,
		</subfield>
		<subfield code="d">
			2015.
		</subfield>
		<subfield code="5">
			NNU
		</subfield>
	</datafield>
	<datafield ind1="1" ind2="2" tag="600">
		<subfield code="a">
			ʻAlamī, Maḥammad bin Muḥammad,
		</subfield>
		<subfield code="d">
			1875 or 1876-1953 or 1954.
		</subfield>
		<subfield code="t">
			ʻIlm al-marfūʻ
		</subfield>
	</datafield>
	<datafield ind1=" " ind2="7" tag="655">
		<subfield code="a">
			Lithographs
		</subfield>
		<subfield code="z">
			Morocco
		</subfield>
		<subfield code="y">
			1932.
		</subfield>
		<subfield code="2">
			gmgpc
		</subfield>
	</datafield>
	<datafield ind1="2" ind2=" " tag="710">
		<subfield code="a">
			Princeton University.
		</subfield>
		<subfield code="b">
			Library.
		</subfield>
	</datafield>
	<datafield ind1="0" ind2="2" tag="730">
		<subfield code="a">
			Jadwal al-nisbah al-sittīnīyah.
		</subfield>
	</datafield>
	<datafield ind1="0" ind2="2" tag="730">
		<subfield code="a">
			Jadwal al-ẓill al-ithná ʻashrī al-maḥlūl.
		</subfield>
	</datafield>
	<datafield ind1="0" ind2=" " tag="730">
		<subfield code="a">
			Arabic Collections Online.
		</subfield>
	</datafield>
	<datafield ind1="0" ind2="8" tag="776">
		<subfield code="i">
			Print version:
		</subfield>
		<subfield code="a">
			ʻAlamī, Maḥammad bin Muḥammad, 1875 or 1876-1953 or 1954.
		</subfield>
		<subfield code="t">
			al-Sirāj al-mawḍūʻ ʻalá al-ʻalam al-marfūʻ
		</subfield>
		<subfield code="w">
			(NjP)2701950
		</subfield>
		<subfield code="w">
			(OCoLC)79717441
		</subfield>
	</datafield>
	<datafield ind1="4" ind2="0" tag="856">
		<subfield code="u">
			http://hdl.handle.net/2333.1/bvq83fh5
		</subfield>
	</datafield>
	<datafield ind1=" " ind2=" " tag="959">
		<subfield code="a">
			NNU
		</subfield>
		<subfield code="b">
			WEB
		</subfield>
		<subfield code="c">
			GENI
		</subfield>
		<subfield code="t">
			0
		</subfield>
		<subfield code="m">
			Electronic access
		</subfield>
		<subfield code="s">
			01
		</subfield>
	</datafield>
	<datafield ind1=" " ind2=" " tag="999">
		<subfield code="i">
			NjP_2701950
		</subfield>
		<subfield code="o">
			(OCoLC)ocm79717441 
		</subfield>
		<subfield code="s">
			princeton_aco000143
		</subfield>
		<subfield code="e">
			(ERROR-880)
		</subfield>
	</datafield>
</record>
